<?xml version="1.0" encoding="UTF-8"?><collection xmlns="http://www.loc.gov/MARC21/slim"><record><leader>00500nam--2200181-i-4500</leader><controlfield tag="001">000005265</controlfield><controlfield tag="002">20161230</controlfield><controlfield tag="005">20161230201026</controlfield><controlfield tag="008">060222s1000------------r-----000-0-eng-d</controlfield><datafield ind1=" " ind2=" " tag="040"><subfield code="a">IFIN-HH</subfield></datafield><datafield ind1=" " ind2=" " tag="080"><subfield code="a">539.21</subfield></datafield><datafield ind1="1" ind2=" " tag="100"><subfield code="a">Brand, J.C.D</subfield></datafield><datafield ind1="1" ind2="0" tag="245"><subfield code="a">Molecular structure</subfield><subfield code="b">The physical approach</subfield><subfield code="c">J.c.d. brand, j.c. speakman</subfield></datafield><datafield ind1=" " ind2=" " tag="260"><subfield code="a">London</subfield><subfield code="b">Edward Arnold (Publishers)Ltd</subfield><subfield code="c">1960</subfield></datafield><datafield ind1=" " ind2=" " tag="300"><subfield code="a">VIII + 300 P</subfield></datafield><datafield ind1="1" ind2=" " tag="700"><subfield code="a">Speakman, J.C</subfield></datafield><datafield ind1=" " ind2=" " tag="852"><subfield code="a">10546</subfield><subfield code="c">539.19</subfield></datafield><datafield ind1=" " ind2=" " tag="CAT"><subfield code="a">Sys</subfield><subfield code="c">20120712</subfield><subfield code="h">123135</subfield></datafield></record></collection>